@article{khan2017long,
	title={Long-time stability of small {FPU} solitary waves},
	author={Khan, Amjad and Pelinovsky, Dmitry E},
	journal={Discrete \& Continuous Dynamical Systems},
	volume={37},
	number={4},
	pages={2065},
	year={2017},
	publisher={American Institute of Mathematical Sciences}
}

@article{bambusi2006metastability,
	title={On metastability in {FPU}},
	author={Bambusi, Dario and Ponno, Antonio},
	journal={Communications in mathematical physics},
	volume={264},
	number={2},
	pages={539--561},
	year={2006},
	publisher={Springer}
}

@article{friesecke1999solitary,
	title={Solitary waves on {FPU} lattices: I. Qualitative properties, renormalization and continuum limit},
	author={Friesecke, Gero and Pego, Robert L},
	journal={Nonlinearity},
	volume={12},
	number={6},
	pages={1601},
	year={1999},
	publisher={IOP Publishing}
}

@incollection{schneider2000counter,
	title={Counter-propagating waves on fluid surfaces and the continuum limit of the {Fermi-Pasta-Ulam} model},
	author={Schneider, Guido and Wayne, C Eugene},
	booktitle={Equadiff 99: (In 2 Volumes)},
	pages={390--404},
	year={2000},
	publisher={World Scientific}
}

@book{pazy2012semigroups,
	title={Semigroups of linear operators and applications to partial differential equations},
	author={Pazy, Amnon},
	volume={44},
	year={2012},
	publisher={Springer Science \& Business Media}
}

@article{dumas2014justification,
	title={Justification of the log--{KdV} Equation in Granular Chains: The Case of Precompression},
	author={Dumas, Eric and Pelinovsky, Dmitry},
	journal={SIAM Journal on Mathematical Analysis},
	volume={46},
	number={6},
	pages={4075--4103},
	year={2014},
	publisher={SIAM}
}

@article{hong2021korteweg,
	title={On the {K}orteweg--de {V}ries Limit for the {F}ermi--{P}asta--{U}lam System},
	author={Hong, Younghun and Kwak, Chulkwang and Yang, Changhun},
	journal={Archive for Rational Mechanics and Analysis},
	volume={240},
	number={2},
	pages={1091--1145},
	year={2021},
	publisher={Springer}
}

@article{pace2019beta,
	title={The $\beta$ {F}ermi-{P}asta-{U}lam-{T}singou recurrence problem},
	author={Pace, Salvatore D and Reiss, Kevin A and Campbell, David K},
	journal={Chaos: An Interdisciplinary Journal of Nonlinear Science},
	volume={29},
	number={11},
	pages={113107},
	year={2019},
	publisher={AIP Publishing LLC}
}

@article{iooss2000travelling,
	title={Travelling waves in the {F}ermi-{P}asta-{U}lam lattice},
	author={Iooss, G{\'e}rard},
	journal={Nonlinearity},
	volume={13},
	number={3},
	pages={849},
	year={2000},
	publisher={IOP Publishing}
}
@article{iooss2000travelling2,
	title={Travelling Waves in a Chain of Coupled Nonlinear Oscillators},
author={Iooss, G{\'e}rard and Kirchg{\"a}ssner, Klaus},
journal={Communications in Mathematical Physics},
volume={211},
number={2},
pages={439--464},
year={2000},
publisher={Springer}
}

@incollection{vanderbauwhede1992center,
	title={Center manifold theory in infinite dimensions},
	author={Vanderbauwhede, Andr{\'e} and Iooss, G},
	booktitle={Dynamics reported},
	pages={125--163},
	year={1992},
	publisher={Springer}
}

@book{kato2013perturbation,
	title={Perturbation theory for linear operators},
	author={Kato, Tosio},
	volume={132},
	year={2013},
	publisher={Springer Science \& Business Media}
}